<record><leader>00000cas a2200000 a 4500</leader><controlfield tag="001">613206086</controlfield><controlfield tag="006">m     o  d        </controlfield><controlfield tag="007">cr |||||||||||</controlfield><controlfield tag="008">100510d18581868gaudn neo     0    0eng c</controlfield><datafield ind1=" " ind2=" " tag="010"><subfield code="a">  2010233920</subfield></datafield><datafield ind1=" " ind2=" " tag="040"><subfield code="a">GUA</subfield><subfield code="b">eng</subfield><subfield code="c">GUA</subfield><subfield code="d">GUA</subfield><subfield code="d">UKMGB</subfield><subfield code="d">OCLCQ</subfield><subfield code="d">OCLCF</subfield><subfield code="d">OCLCQ</subfield></datafield><datafield ind1="7" ind2=" " tag="016"><subfield code="a">013914651</subfield><subfield code="2">Uk</subfield></datafield><datafield ind1=" " ind2=" " tag="042"><subfield code="a">pcc</subfield></datafield><datafield ind1=" " ind2=" " tag="043"><subfield code="a">n-us-ga</subfield></datafield><datafield ind1="1" ind2="4" tag="050"><subfield code="a">AN13.A82</subfield></datafield><datafield ind1="0" ind2=" " tag="130"><subfield code="a">Daily intelligencer (Atlanta, Ga. : 1858 : Online)</subfield></datafield><datafield ind1="1" ind2="4" tag="245"><subfield code="a">The daily intelligencer.</subfield></datafield><datafield ind1=" " ind2=" " tag="260"><subfield code="a">Atlanta, Ga. :</subfield><subfield code="b">A.A. Gaulding &amp; Co.,</subfield><subfield code="c">[1858-1868]</subfield></datafield><datafield ind1=" " ind2=" " tag="310"><subfield code="a">Daily (except Mon.),</subfield><subfield code="b">Apr. 21, 1861-&lt;Sept. 19, 1868&gt;</subfield></datafield><datafield ind1=" " ind2=" " tag="321"><subfield code="a">Daily (except Mon.),</subfield><subfield code="b">&lt;Oct. 7, 1858-Sept. 18, 1859&gt;</subfield></datafield><datafield ind1=" " ind2=" " tag="321"><subfield code="a">Daily (except Sun.),</subfield><subfield code="b">&lt;Jan. 4, 1860&gt;-Apr. 20, 1861</subfield></datafield><datafield ind1=" " ind2=" " tag="336"><subfield code="a">text</subfield><subfield code="b">txt</subfield><subfield code="2">rdacontent</subfield></datafield><datafield ind1=" " ind2=" " tag="337"><subfield code="a">computer</subfield><subfield code="b">c</subfield><subfield code="2">rdamedia</subfield></datafield><datafield ind1=" " ind2=" " tag="338"><subfield code="a">online resource</subfield><subfield code="b">cr</subfield><subfield code="2">rdacarrier</subfield></datafield><datafield ind1="1" ind2=" " tag="362"><subfield code="a">Print began in Mar. 1858; ceased in 1868.</subfield></datafield><datafield ind1=" " ind2=" " tag="588"><subfield code="a">Description based on: Vol. 6, no. 214 (Aug. 2, 1860); title from pdf image of caption (Georgia Historical Newspapers, viewed Apr. 29, 2010).</subfield></datafield><datafield ind1=" " ind2=" " tag="588"><subfield code="a">Latest issue consulted: Vol. 14, no. 173 (July 23, 1868), viewed Apr. 29, 2010.</subfield></datafield><datafield ind1=" " ind2="0" tag="651"><subfield code="a">Atlanta (Ga.)</subfield><subfield code="v">Newspapers.</subfield></datafield><datafield ind1=" " ind2="0" tag="651"><subfield code="a">Fulton County (Ga.)</subfield><subfield code="v">Newspapers.</subfield></datafield><datafield ind1=" " ind2="7" tag="651"><subfield code="a">Georgia</subfield><subfield code="z">Atlanta.</subfield><subfield code="2">fast</subfield><subfield code="0">(OCoLC)fst01204627</subfield></datafield><datafield ind1=" " ind2="7" tag="651"><subfield code="a">Georgia</subfield><subfield code="z">Fulton County.</subfield><subfield code="2">fast</subfield><subfield code="0">(OCoLC)fst01211153</subfield></datafield><datafield ind1=" " ind2="7" tag="655"><subfield code="a">Newspapers.</subfield><subfield code="2">fast</subfield><subfield code="0">(OCoLC)fst01423814</subfield></datafield><datafield ind1=" " ind2=" " tag="752"><subfield code="a">United States</subfield><subfield code="b">Georgia</subfield><subfield code="c">Fulton</subfield><subfield code="d">Atlanta.</subfield></datafield><datafield ind1=" " ind2=" " tag="752"><subfield code="a">United States</subfield><subfield code="b">Georgia</subfield><subfield code="c">Bibb</subfield><subfield code="d">Macon.</subfield></datafield><datafield ind1="1" ind2=" " tag="775"><subfield code="t">Atlanta Weekly intelligencer (Atlanta, Ga. : 1858 : Online)</subfield><subfield code="w">(DLC)  2010233901</subfield><subfield code="w">(OCoLC)613216713</subfield></datafield><datafield ind1="1" ind2=" " tag="775"><subfield code="t">Weekly intelligencer (Atlanta, Ga. : Online)</subfield><subfield code="w">(DLC)  2010233949</subfield><subfield code="w">(OCoLC)613211868</subfield></datafield><datafield ind1="1" ind2=" " tag="775"><subfield code="t">Weekly Atlanta intelligencer (Atlanta, Ga. : 1865 : Online)</subfield><subfield code="w">(DLC)  2010233929</subfield><subfield code="w">(OCoLC)613211978</subfield></datafield><datafield ind1="0" ind2="8" tag="776"><subfield code="i">Print version:</subfield><subfield code="t">Daily intelligencer (Atlanta, Ga. : 1858)</subfield><subfield code="w">(DLC)sn 82014304</subfield><subfield code="w">(OCoLC)8776796</subfield></datafield><datafield ind1="0" ind2="0" tag="780"><subfield code="t">Atlanta daily intelligencer and examiner</subfield><subfield code="w">(DLC)  2010233945</subfield><subfield code="w">(OCoLC)613192818</subfield></datafield><datafield ind1="0" ind2="0" tag="785"><subfield code="t">Daily Atlanta intelligencer</subfield><subfield code="w">(DLC)  2010233904</subfield><subfield code="w">(OCoLC)613206554</subfield></datafield><datafield ind1="4" ind2="0" tag="856"><subfield code="z">Issues listed together with: Atlanta daily intelligencer</subfield><subfield code="u">http://atlnewspapers.galileo.usg.edu/atlnewspapers/search?sort=year&amp;title=Intelligencer&amp;source.page=1</subfield></datafield></record>